@inproceedings{rohr2014energy,
	  title={{An Energy-Efficient Multi-GPU Supercomputer}},
	    author={Rohr, David and Kalcher, Sebastian and Bach, Matthias and Alaqeeliy, Abdulqadir and Alzaidy, Hani M and Eschweiler, Dominic and Lindenstruth, Volker and Alkhereyfy, Sakhar B and Alharthiy, Ahmad and Almubaraky, Abdulelah and others},
		  booktitle={High Performance Computing and Communications, 2014 IEEE 6th Intl Symp on Cyberspace Safety and Security, 2014 IEEE 11th Intl Conf on Embedded Software and Syst (HPCC, CSS, ICESS), 2014 IEEE Intl Conf on},
		    pages={42--45},
			  year={2014},
			    organization={IEEE}
}
@article{gustafson1988reevaluating,
	  title={Reevaluating {Amdahl's} law},
	    author={Gustafson, John L},
		  journal={Communications of the ACM},
		    volume={31},
			  number={5},
			    pages={532--533},
				  year={1988},
				    publisher={ACM}
}

@inproceedings{amdahl1967validity,
	  title={Validity of the single processor approach to achieving large scale computing capabilities},
	    author={Amdahl, Gene M},
		  booktitle={Proceedings of the April 18-20, 1967, spring joint computer conference},
		    pages={483--485},
			  year={1967},
			    organization={ACM}
}

